\section{Bibliografia}

\begin{thebibliography}{1}
	\bibitem{Burden} Burden, R. L. and Douglas Faires, J. Numerical Analysis, 9th ed. Brooks/Cole, Cengage Learning,  2011.
\end{thebibliography}

\link{http://cimg.eu/}
